%YAML 1.1
%TAG !u! tag:unity3d.com,2011:
--- !u!1 &5036354092685283739
GameObject:
  m_ObjectHideFlags: 0
  m_CorrespondingSourceObject: {fileID: 0}
  m_PrefabInstance: {fileID: 0}
  m_PrefabAsset: {fileID: 0}
  serializedVersion: 6
  m_Component:
  - component: {fileID: 5036354092685283740}
  m_Layer: 8
  m_Name: AttackPose (2)
  m_TagString: Untagged
  m_Icon: {fileID: 0}
  m_NavMeshLayer: 0
  m_StaticEditorFlags: 0
  m_IsActive: 1
--- !u!4 &5036354092685283740
Transform:
  m_ObjectHideFlags: 0
  m_CorrespondingSourceObject: {fileID: 0}
  m_PrefabInstance: {fileID: 0}
  m_PrefabAsset: {fileID: 0}
  m_GameObject: {fileID: 5036354092685283739}
  m_LocalRotation: {x: -0, y: -0, z: -0, w: 1}
  m_LocalPosition: {x: 0, y: -0.009440551, z: 0}
  m_LocalScale: {x: 1, y: 1, z: 1}
  m_Children: []
  m_Father: {fileID: 5036354094470727247}
  m_RootOrder: 1
  m_LocalEulerAnglesHint: {x: 0, y: 0, z: 0}
--- !u!1 &5036354092745235215
GameObject:
  m_ObjectHideFlags: 0
  m_CorrespondingSourceObject: {fileID: 0}
  m_PrefabInstance: {fileID: 0}
  m_PrefabAsset: {fileID: 0}
  serializedVersion: 6
  m_Component:
  - component: {fileID: 5036354092745235216}
  m_Layer: 8
  m_Name: Agro
  m_TagString: Untagged
  m_Icon: {fileID: 0}
  m_NavMeshLayer: 0
  m_StaticEditorFlags: 0
  m_IsActive: 1
--- !u!4 &5036354092745235216
Transform:
  m_ObjectHideFlags: 0
  m_CorrespondingSourceObject: {fileID: 0}
  m_PrefabInstance: {fileID: 0}
  m_PrefabAsset: {fileID: 0}
  m_GameObject: {fileID: 5036354092745235215}
  m_LocalRotation: {x: 0, y: 0, z: 0, w: 1}
  m_LocalPosition: {x: 0, y: 0, z: 0}
  m_LocalScale: {x: 1, y: 1, z: 1}
  m_Children: []
  m_Father: {fileID: 5036354094470727247}
  m_RootOrder: 0
  m_LocalEulerAnglesHint: {x: 0, y: 0, z: 0}
--- !u!1 &5036354094470727244
GameObject:
  m_ObjectHideFlags: 0
  m_CorrespondingSourceObject: {fileID: 0}
  m_PrefabInstance: {fileID: 0}
  m_PrefabAsset: {fileID: 0}
  serializedVersion: 6
  m_Component:
  - component: {fileID: 5036354094470727247}
  - component: {fileID: 5036354094470727246}
  - component: {fileID: 5036354094470727245}
  - component: {fileID: 5036354094470727249}
  - component: {fileID: 5036354094470727251}
  - component: {fileID: 5036354094470727248}
  - component: {fileID: 5036354094470727250}
  m_Layer: 8
  m_Name: Monster1
  m_TagString: Untagged
  m_Icon: {fileID: 0}
  m_NavMeshLayer: 0
  m_StaticEditorFlags: 0
  m_IsActive: 1
--- !u!4 &5036354094470727247
Transform:
  m_ObjectHideFlags: 0
  m_CorrespondingSourceObject: {fileID: 0}
  m_PrefabInstance: {fileID: 0}
  m_PrefabAsset: {fileID: 0}
  m_GameObject: {fileID: 5036354094470727244}
  m_LocalRotation: {x: -0, y: -0, z: -0, w: 1}
  m_LocalPosition: {x: 33.056595, y: 4.604097, z: 1925.8125}
  m_LocalScale: {x: 8.654917, y: 8.654917, z: 8.654917}
  m_Children:
  - {fileID: 5036354092745235216}
  - {fileID: 5036354092685283740}
  - {fileID: 8271958807840838942}
  m_Father: {fileID: 0}
  m_RootOrder: 0
  m_LocalEulerAnglesHint: {x: 0, y: 0, z: 0}
--- !u!212 &5036354094470727246
SpriteRenderer:
  m_ObjectHideFlags: 0
  m_CorrespondingSourceObject: {fileID: 0}
  m_PrefabInstance: {fileID: 0}
  m_PrefabAsset: {fileID: 0}
  m_GameObject: {fileID: 5036354094470727244}
  m_Enabled: 1
  m_CastShadows: 0
  m_ReceiveShadows: 0
  m_DynamicOccludee: 1
  m_MotionVectors: 1
  m_LightProbeUsage: 1
  m_ReflectionProbeUsage: 1
  m_RenderingLayerMask: 1
  m_RendererPriority: 0
  m_Materials:
  - {fileID: 10754, guid: 0000000000000000f000000000000000, type: 0}
  m_StaticBatchInfo:
    firstSubMesh: 0
    subMeshCount: 0
  m_StaticBatchRoot: {fileID: 0}
  m_ProbeAnchor: {fileID: 0}
  m_LightProbeVolumeOverride: {fileID: 0}
  m_ScaleInLightmap: 1
  m_ReceiveGI: 1
  m_PreserveUVs: 0
  m_IgnoreNormalsForChartDetection: 0
  m_ImportantGI: 0
  m_StitchLightmapSeams: 1
  m_SelectedEditorRenderState: 0
  m_MinimumChartSize: 4
  m_AutoUVMaxDistance: 0.5
  m_AutoUVMaxAngle: 89
  m_LightmapParameters: {fileID: 0}
  m_SortingLayerID: 0
  m_SortingLayer: 0
  m_SortingOrder: 0
  m_Sprite: {fileID: 1489593019513553653, guid: 82891562a043b64488a2aea9e7a699c8,
    type: 3}
  m_Color: {r: 1, g: 1, b: 1, a: 1}
  m_FlipX: 0
  m_FlipY: 0
  m_DrawMode: 0
  m_Size: {x: 0.26, y: 0.2}
  m_AdaptiveModeThreshold: 0.5
  m_SpriteTileMode: 0
  m_WasSpriteAssigned: 1
  m_MaskInteraction: 0
  m_SpriteSortPoint: 0
--- !u!95 &5036354094470727245
Animator:
  serializedVersion: 3
  m_ObjectHideFlags: 0
  m_CorrespondingSourceObject: {fileID: 0}
  m_PrefabInstance: {fileID: 0}
  m_PrefabAsset: {fileID: 0}
  m_GameObject: {fileID: 5036354094470727244}
  m_Enabled: 1
  m_Avatar: {fileID: 0}
  m_Controller: {fileID: 9100000, guid: e221bb5de567b0947a050cda9cede59c, type: 2}
  m_CullingMode: 0
  m_UpdateMode: 0
  m_ApplyRootMotion: 0
  m_LinearVelocityBlending: 0
  m_WarningMessage: 
  m_HasTransformHierarchy: 1
  m_AllowConstantClipSamplingOptimization: 1
  m_KeepAnimatorControllerStateOnDisable: 0
--- !u!114 &5036354094470727249
MonoBehaviour:
  m_ObjectHideFlags: 0
  m_CorrespondingSourceObject: {fileID: 0}
  m_PrefabInstance: {fileID: 0}
  m_PrefabAsset: {fileID: 0}
  m_GameObject: {fileID: 5036354094470727244}
  m_Enabled: 1
  m_EditorHideFlags: 0
  m_Script: {fileID: 11500000, guid: 8e07e5235c335d64886f018581748def, type: 3}
  m_Name: 
  m_EditorClassIdentifier: 
  animator: {fileID: 5036354094470727245}
  monster: {fileID: 5036354094470727251}
  agro: {fileID: 5036354092745235216}
  attackPose: {fileID: 5036354092685283740}
  basePosition: {x: 0, y: 0, z: 0}
  whatIsEnimies:
    serializedVersion: 2
    m_Bits: 512
  rb: {fileID: 5036354094470727248}
  particularHitted: {fileID: 0}
  startDazedTime: 0.6
--- !u!114 &5036354094470727251
MonoBehaviour:
  m_ObjectHideFlags: 0
  m_CorrespondingSourceObject: {fileID: 0}
  m_PrefabInstance: {fileID: 0}
  m_PrefabAsset: {fileID: 0}
  m_GameObject: {fileID: 5036354094470727244}
  m_Enabled: 1
  m_EditorHideFlags: 0
  m_Script: {fileID: 11500000, guid: 2a87028b6b73d8e43b698173f890d7a2, type: 3}
  m_Name: 
  m_EditorClassIdentifier: 
--- !u!50 &5036354094470727248
Rigidbody2D:
  serializedVersion: 4
  m_ObjectHideFlags: 0
  m_CorrespondingSourceObject: {fileID: 0}
  m_PrefabInstance: {fileID: 0}
  m_PrefabAsset: {fileID: 0}
  m_GameObject: {fileID: 5036354094470727244}
  m_BodyType: 1
  m_Simulated: 1
  m_UseFullKinematicContacts: 0
  m_UseAutoMass: 0
  m_Mass: 10
  m_LinearDrag: 0
  m_AngularDrag: 0.05
  m_GravityScale: 0
  m_Material: {fileID: 0}
  m_Interpolate: 0
  m_SleepingMode: 1
  m_CollisionDetection: 0
  m_Constraints: 4
--- !u!61 &5036354094470727250
BoxCollider2D:
  m_ObjectHideFlags: 0
  m_CorrespondingSourceObject: {fileID: 0}
  m_PrefabInstance: {fileID: 0}
  m_PrefabAsset: {fileID: 0}
  m_GameObject: {fileID: 5036354094470727244}
  m_Enabled: 1
  m_Density: 1
  m_Material: {fileID: 0}
  m_IsTrigger: 0
  m_UsedByEffector: 0
  m_UsedByComposite: 0
  m_Offset: {x: 0, y: 0}
  m_SpriteTilingProperty:
    border: {x: 0, y: 0, z: 0, w: 0}
    pivot: {x: 0.5, y: 0.5}
    oldSize: {x: 0.26, y: 0.2}
    newSize: {x: 0.26, y: 0.2}
    adaptiveTilingThreshold: 0.5
    drawMode: 0
    adaptiveTiling: 0
  m_AutoTiling: 0
  serializedVersion: 2
  m_Size: {x: 0.26, y: 0.2}
  m_EdgeRadius: 0
--- !u!1001 &8201814657510889756
PrefabInstance:
  m_ObjectHideFlags: 0
  serializedVersion: 2
  m_Modification:
    m_TransformParent: {fileID: 5036354094470727247}
    m_Modifications:
    - target: {fileID: 9067602862522517265, guid: 931189d9ce8936b4f8c7996cadc40541,
        type: 3}
      propertyPath: m_Name
      value: m1_blood
      objectReference: {fileID: 0}
    - target: {fileID: 223302343343672322, guid: 931189d9ce8936b4f8c7996cadc40541,
        type: 3}
      propertyPath: m_LocalPosition.x
      value: -1.187
      objectReference: {fileID: 0}
    - target: {fileID: 223302343343672322, guid: 931189d9ce8936b4f8c7996cadc40541,
        type: 3}
      propertyPath: m_LocalPosition.y
      value: -0.036
      objectReference: {fileID: 0}
    - target: {fileID: 223302343343672322, guid: 931189d9ce8936b4f8c7996cadc40541,
        type: 3}
      propertyPath: m_LocalPosition.z
      value: -0
      objectReference: {fileID: 0}
    - target: {fileID: 223302343343672322, guid: 931189d9ce8936b4f8c7996cadc40541,
        type: 3}
      propertyPath: m_LocalRotation.x
      value: -0.7071068
      objectReference: {fileID: 0}
    - target: {fileID: 223302343343672322, guid: 931189d9ce8936b4f8c7996cadc40541,
        type: 3}
      propertyPath: m_LocalRotation.y
      value: 0
      objectReference: {fileID: 0}
    - target: {fileID: 223302343343672322, guid: 931189d9ce8936b4f8c7996cadc40541,
        type: 3}
      propertyPath: m_LocalRotation.z
      value: 0
      objectReference: {fileID: 0}
    - target: {fileID: 223302343343672322, guid: 931189d9ce8936b4f8c7996cadc40541,
        type: 3}
      propertyPath: m_LocalRotation.w
      value: 0.7071068
      objectReference: {fileID: 0}
    - target: {fileID: 223302343343672322, guid: 931189d9ce8936b4f8c7996cadc40541,
        type: 3}
      propertyPath: m_RootOrder
      value: 2
      objectReference: {fileID: 0}
    - target: {fileID: 223302343343672322, guid: 931189d9ce8936b4f8c7996cadc40541,
        type: 3}
      propertyPath: m_LocalEulerAnglesHint.x
      value: -90
      objectReference: {fileID: 0}
    - target: {fileID: 223302343343672322, guid: 931189d9ce8936b4f8c7996cadc40541,
        type: 3}
      propertyPath: m_LocalEulerAnglesHint.y
      value: 0
      objectReference: {fileID: 0}
    - target: {fileID: 223302343343672322, guid: 931189d9ce8936b4f8c7996cadc40541,
        type: 3}
      propertyPath: m_LocalEulerAnglesHint.z
      value: 0
      objectReference: {fileID: 0}
    m_RemovedComponents: []
  m_SourcePrefab: {fileID: 100100000, guid: 931189d9ce8936b4f8c7996cadc40541, type: 3}
--- !u!4 &8271958807840838942 stripped
Transform:
  m_CorrespondingSourceObject: {fileID: 223302343343672322, guid: 931189d9ce8936b4f8c7996cadc40541,
    type: 3}
  m_PrefabInstance: {fileID: 8201814657510889756}
  m_PrefabAsset: {fileID: 0}
